<zs:record><zs:recordSchema/><zs:recordXMLEscaping>xml</zs:recordXMLEscaping><zs:recordData><record xmlns="http://www.loc.gov/MARC21/slim">
 <leader>01568cam a2200445 c 4500</leader>
 <controlfield tag="001">990000888384702201</controlfield>
 <controlfield tag="005">20160622152400.0</controlfield>
 <controlfield tag="007">ta</controlfield>
 <controlfield tag="007">cr||||||||||||</controlfield>
 <controlfield tag="008">110926s1999 no#||||j |||||000|1|nob| </controlfield>
 <datafield tag="015" ind1=" " ind2=" ">
 <subfield code="a">0006576</subfield>
 <subfield code="2">nbf</subfield>
 </datafield>
 <datafield tag="020" ind1=" " ind2=" ">
 <subfield code="a">8259109735</subfield>
 <subfield code="q">ib.</subfield>
 </datafield>
 <datafield tag="035" ind1=" " ind2=" ">
 <subfield code="a">000088838-47bibsys_network</subfield>
 </datafield>
 <datafield tag="035" ind1=" " ind2=" ">
 <subfield code="a">(NO-TrBIB)000088838</subfield>
 </datafield>
 <datafield tag="035" ind1=" " ind2=" ">
 <subfield code="a">(NO-TrBIB)101062818</subfield>
 </datafield>
 <datafield tag="040" ind1=" " ind2=" ">
 <subfield code="a">NO-OsNB</subfield>
 <subfield code="b">nob</subfield>
 <subfield code="e">katreg</subfield>
 </datafield>
 <datafield tag="041" ind1="1" ind2=" ">
 <subfield code="h">eng</subfield>
 </datafield>
 <datafield tag="042" ind1=" " ind2=" ">
 <subfield code="a">norbibl</subfield>
 </datafield>
 <datafield tag="044" ind1=" " ind2=" ">
 <subfield code="c">no</subfield>
 </datafield>
 <datafield tag="082" ind1="7" ind2="4">
 <subfield code="a">823</subfield>
 <subfield code="q">NO-OsNB</subfield>
 <subfield code="2">4/nor</subfield>
 </datafield>
 <datafield tag="084" ind1=" " ind2=" ">
 <subfield code="a">Pf 5</subfield>
 <subfield code="2">ubtkl/2</subfield>
 </datafield>
 <datafield tag="100" ind1="1" ind2=" ">
 <subfield code="a">Siamon, Sharon</subfield>
 <subfield code="0">(NO-TrBIB)99016032</subfield>
 </datafield>
 <datafield tag="245" ind1="1" ind2="0">
 <subfield code="a">Fanget i stormen</subfield>
 <subfield code="c">Sharon Siamon ; [illustrasjoner: Lindsay Graham ; oversatt av: &#xD8;ystein Rosse]</subfield>
 </datafield>
 <datafield tag="246" ind1="1" ind2=" ">
 <subfield code="a">Sky horse</subfield>
 <subfield code="i">Originaltittel</subfield>
 </datafield>
 <datafield tag="260" ind1=" " ind2=" ">
 <subfield code="a">Stavanger</subfield>
 <subfield code="b">Pennyklubben</subfield>
 <subfield code="c">cop. 1999</subfield>
 </datafield>
 <datafield tag="300" ind1=" " ind2=" ">
 <subfield code="a">154 s.</subfield>
 <subfield code="b">ill.</subfield>
 </datafield>
 <datafield tag="490" ind1="1" ind2=" ">
 <subfield code="a">Pennyklubben</subfield>
 </datafield>
 <datafield tag="490" ind1="1" ind2=" ">
 <subfield code="a">Mustang Mountain</subfield>
 </datafield>
 <datafield tag="506" ind1="0" ind2=" ">
 <subfield code="f">&#xC5;pen tilgang</subfield>
 </datafield>
 <datafield tag="533" ind1=" " ind2=" ">
 <subfield code="a">Elektronisk reproduksjon</subfield>
 <subfield code="b">[Norge]</subfield>
 <subfield code="c">Nasjonalbiblioteket Digital</subfield>
 <subfield code="d">2010-05-11</subfield>
 </datafield>
 <datafield tag="700" ind1="1" ind2=" ">
 <subfield code="a">Rosse, &#xD8;ystein,</subfield>
 <subfield code="d">1956-</subfield>
 <subfield code="4">trl</subfield>
 <subfield code="0">(NO-TrBIB)90817877</subfield>
 </datafield>
 <datafield tag="700" ind1="1" ind2=" ">
 <subfield code="a">F&#xF8;reland, Jorunn,</subfield>
 <subfield code="d">1954-</subfield>
 <subfield code="4">edt</subfield>
 <subfield code="0">(NO-TrBIB)62845</subfield>
 </datafield>
 <datafield tag="700" ind1="1" ind2=" ">
 <subfield code="a">Graham, Lindsay.</subfield>
 <subfield code="4">ill</subfield>
 <subfield code="0">(NO-TrBIB)10053272</subfield>
 </datafield>
 <datafield tag="800" ind1="1" ind2=" ">
 <subfield code="a">Siamon, Sharon</subfield>
 <subfield code="t">Mustang Mountain</subfield>
 </datafield>
 <datafield tag="830" ind1=" " ind2="0">
 <subfield code="a">Pennyklubben</subfield>
 </datafield>
 <datafield tag="856" ind1="4" ind2="0">
 <subfield code="3">Fulltekst</subfield>
 <subfield code="u">http://urn.nb.no/URN:NBN:no-nb_digibok_2008100700035</subfield>
 <subfield code="y">NB digitalisert</subfield>
 <subfield code="z">Elektronisk reproduksjon. Gratis. For norske IP-adresser</subfield>
 </datafield>
 <datafield tag="901" ind1=" " ind2=" ">
 <subfield code="a">90</subfield>
 </datafield>
 <datafield tag="913" ind1=" " ind2=" ">
 <subfield code="a">Norbok</subfield>
 <subfield code="b">NB</subfield>
 </datafield>
 <datafield tag="852" ind1="0" ind2="1">
 <subfield code="a">47BIBSYS_NB</subfield>
 <subfield code="6">990000888384702202</subfield>
 <subfield code="9">D</subfield>
 <subfield code="9">P</subfield>
 </datafield>
 <datafield tag="852" ind1="0" ind2="1">
 <subfield code="a">47BIBSYS_NTNU_UB</subfield>
 <subfield code="6">990000888384702203</subfield>
 <subfield code="9">P</subfield>
 </datafield>
</record></zs:recordData><zs:recordPosition>2</zs:recordPosition></zs:record>