<zs:record><zs:recordSchema/><zs:recordXMLEscaping>xml</zs:recordXMLEscaping><zs:recordData><record xmlns="http://www.loc.gov/MARC21/slim">
 <leader>00553cam a22001811c 4500</leader>
 <controlfield tag="001">990000922904702201</controlfield>
 <controlfield tag="005">20000121122456.0</controlfield>
 <controlfield tag="007">ta</controlfield>
 <controlfield tag="008">000121s1901 xx#|||||||||||000|u|eng|d</controlfield>
 <datafield tag="035" ind1=" " ind2=" ">
 <subfield code="a">000092290-47bibsys_network</subfield>
 </datafield>
 <datafield tag="035" ind1=" " ind2=" ">
 <subfield code="a">(NO-TrBIB)000092290</subfield>
 </datafield>
 <datafield tag="040" ind1=" " ind2=" ">
 <subfield code="a">NO-TrBIB</subfield>
 <subfield code="b">nob</subfield>
 <subfield code="e">katreg</subfield>
 </datafield>
 <datafield tag="100" ind1="1" ind2=" ">
 <subfield code="a">Garland, Hamlin</subfield>
 <subfield code="0">(NO-TrBIB)90236419</subfield>
 </datafield>
 <datafield tag="245" ind1="1" ind2="4">
 <subfield code="a">The captain of the Gray-horse troop :</subfield>
 <subfield code="b">a novel</subfield>
 <subfield code="c">by Hamlin Garland</subfield>
 </datafield>
 <datafield tag="260" ind1=" " ind2=" ">
 <subfield code="a">New York</subfield>
 <subfield code="b">Grosset &amp; Dunlap</subfield>
 <subfield code="c">1901</subfield>
 </datafield>
 <datafield tag="300" ind1=" " ind2=" ">
 <subfield code="a">III, 414 s.</subfield>
 </datafield>
 <datafield tag="901" ind1=" " ind2=" ">
 <subfield code="a">70</subfield>
 </datafield>
 <datafield tag="852" ind1="0" ind2="1">
 <subfield code="a">47BIBSYS_UBO</subfield>
 <subfield code="6">990000922904702204</subfield>
 <subfield code="9">P</subfield>
 </datafield>
</record></zs:recordData><zs:recordPosition>3</zs:recordPosition></zs:record>