<zs:record><zs:recordSchema/><zs:recordXMLEscaping>xml</zs:recordXMLEscaping><zs:recordData><record xmlns="http://www.loc.gov/MARC21/slim">
 <leader>01163cgm a2200289 c 4500</leader>
 <controlfield tag="001">990001425064702201</controlfield>
 <controlfield tag="005">20160519155505.0</controlfield>
 <controlfield tag="007">vd |v||||</controlfield>
 <controlfield tag="008">050107s1998 xx#|||||||||||####v|eng|d</controlfield>
 <datafield tag="035" ind1=" " ind2=" ">
 <subfield code="a">000142506-47bibsys_network</subfield>
 </datafield>
 <datafield tag="035" ind1=" " ind2=" ">
 <subfield code="a">(NO-TrBIB)000142506</subfield>
 </datafield>
 <datafield tag="040" ind1=" " ind2=" ">
 <subfield code="a">NO-TrBIB</subfield>
 <subfield code="b">nob</subfield>
 <subfield code="e">katreg</subfield>
 </datafield>
 <datafield tag="245" ind1="0" ind2="4">
 <subfield code="a">The horse whisperer</subfield>
 <subfield code="c">directed by Robert Redford ; produced by Robert Redford and Patrick Markey</subfield>
 <subfield code="h">[videoopptak]</subfield>
 </datafield>
 <datafield tag="260" ind1=" " ind2=" ">
 <subfield code="a">USA</subfield>
 <subfield code="b">Touchstone Pictures : Wildhood Enterprises</subfield>
 <subfield code="c">1998 (DVD-distribusjon s.a.)</subfield>
 </datafield>
 <datafield tag="300" ind1=" " ind2=" ">
 <subfield code="a">1 videoplate (DVD-video) (163 min)</subfield>
 <subfield code="b">lyd, kol.</subfield>
 </datafield>
 <datafield tag="500" ind1=" " ind2=" ">
 <subfield code="a">Norsk tittel: Hestehviskeren.</subfield>
 </datafield>
 <datafield tag="500" ind1=" " ind2=" ">
 <subfield code="a">Rolleliste: Robert Redford, Kristin Scott Thomas, Sam Neill, Dianne Wiest, Scarlett Johansson.</subfield>
 </datafield>
 <datafield tag="500" ind1=" " ind2=" ">
 <subfield code="a">Filmen bygger p&#xE5; en roman av Nicholas Evans.</subfield>
 </datafield>
 <datafield tag="500" ind1=" " ind2=" ">
 <subfield code="a">Romantisk drama.</subfield>
 </datafield>
 <datafield tag="500" ind1=" " ind2=" ">
 <subfield code="a">Widescreen.</subfield>
 </datafield>
 <datafield tag="500" ind1=" " ind2=" ">
 <subfield code="a">Kodet for region 2</subfield>
 </datafield>
 <datafield tag="700" ind1="1" ind2=" ">
 <subfield code="a">Redford, Robert,</subfield>
 <subfield code="d">1936-</subfield>
 <subfield code="0">(NO-TrBIB)90852905</subfield>
 </datafield>
 <datafield tag="700" ind1="1" ind2="2">
 <subfield code="a">Evans, Nicholas,</subfield>
 <subfield code="d">1950-</subfield>
 <subfield code="0">(NO-TrBIB)90889377</subfield>
 </datafield>
 <datafield tag="700" ind1="1" ind2=" ">
 <subfield code="a">Thomas, Kristin Scott,</subfield>
 <subfield code="d">1960-</subfield>
 <subfield code="0">(NO-TrBIB)98041690</subfield>
 </datafield>
 <datafield tag="740" ind1="0" ind2=" ">
 <subfield code="a">Hestehviskeren</subfield>
 </datafield>
 <datafield tag="901" ind1=" " ind2=" ">
 <subfield code="a">80</subfield>
 </datafield>
 <datafield tag="852" ind1="0" ind2="1">
 <subfield code="a">47BIBSYS_HH</subfield>
 <subfield code="6">999919812666102214</subfield>
 <subfield code="9">P</subfield>
 </datafield>
</record></zs:recordData><zs:recordPosition>4</zs:recordPosition></zs:record>