<zs:record><zs:recordSchema/><zs:recordXMLEscaping>xml</zs:recordXMLEscaping><zs:recordData><record xmlns="http://www.loc.gov/MARC21/slim">
 <leader>00814cam a2200253 c 4500</leader>
 <controlfield tag="001">990001522504702201</controlfield>
 <controlfield tag="005">20000216130809.0</controlfield>
 <controlfield tag="007">ta</controlfield>
 <controlfield tag="008">000216s1999 xx#|||||||||||000|u|eng|d</controlfield>
 <datafield tag="020" ind1=" " ind2=" ">
 <subfield code="a">9157659087</subfield>
 </datafield>
 <datafield tag="035" ind1=" " ind2=" ">
 <subfield code="a">000152250-47bibsys_network</subfield>
 </datafield>
 <datafield tag="035" ind1=" " ind2=" ">
 <subfield code="a">(NO-TrBIB)000152250</subfield>
 </datafield>
 <datafield tag="040" ind1=" " ind2=" ">
 <subfield code="a">NO-TrBIB</subfield>
 <subfield code="b">nob</subfield>
 <subfield code="e">katreg</subfield>
 </datafield>
 <datafield tag="084" ind1=" " ind2=" ">
 <subfield code="a">UP.F.XXM</subfield>
 <subfield code="2">bar</subfield>
 </datafield>
 <datafield tag="084" ind1=" " ind2=" ">
 <subfield code="a">UPQ.PJ</subfield>
 <subfield code="2">bar</subfield>
 </datafield>
 <datafield tag="100" ind1="1" ind2=" ">
 <subfield code="a">Sandin, Andreas</subfield>
 <subfield code="0">(NO-TrBIB)7021</subfield>
 </datafield>
 <datafield tag="245" ind1="1" ind2="0">
 <subfield code="a">Studies of gastrin and gastric secretion in the horse</subfield>
 <subfield code="c">Andreas Sandin</subfield>
 </datafield>
 <datafield tag="260" ind1=" " ind2=" ">
 <subfield code="a">Uppsala</subfield>
 <subfield code="b">[A. Sandin]</subfield>
 <subfield code="c">1999</subfield>
 </datafield>
 <datafield tag="300" ind1=" " ind2=" ">
 <subfield code="a">1 b. (flere pag.)</subfield>
 <subfield code="b">ill.</subfield>
 </datafield>
 <datafield tag="490" ind1="0" ind2=" ">
 <subfield code="a">Acta universitatis agriculturae sueciae. Veterinaria</subfield>
 <subfield code="v">69</subfield>
 </datafield>
 <datafield tag="502" ind1=" " ind2=" ">
 <subfield code="a">Avhandling (doktorgrad) - Sveriges lantbruksuniversitet, 1999</subfield>
 </datafield>
 <datafield tag="901" ind1=" " ind2=" ">
 <subfield code="a">80</subfield>
 </datafield>
 <datafield tag="917" ind1=" " ind2=" ">
 <subfield code="a">d</subfield>
 </datafield>
 <datafield tag="852" ind1="0" ind2="1">
 <subfield code="a">47BIBSYS_NMBU</subfield>
 <subfield code="6">990001522504702213</subfield>
 <subfield code="9">P</subfield>
 </datafield>
</record></zs:recordData><zs:recordPosition>5</zs:recordPosition></zs:record></zs:records><zs:nextRecordPosition>6</zs:nextRecordPosition><zs:echoedSearchRetrieveRequest><zs:version>2.0</zs:version><zs:query>horse</zs:query><zs:maximumRecords>5</zs:maximumRecords><zs:recordXMLEscaping>xml</zs:recordXMLEscaping></zs:echoedSearchRetrieveRequest></zs:searchRetrieveResponse>

